

@techreport{ZKProofSecurityTrackProceeding,
    author = {Jens Groth, Yael Kalai and Muthu Venkitasubramaniam}
    series = {ZKProof Track Proceedings},
    institution= {ZKProof Standards},
    publisher = {ZKProof.org},
    address = {Berkeley, CA},
    year = {2018},
    month = {May}
}
           
@techreport{ZKProofImplementationTrackProceeding,
    author = {Sean Bowe, Kobi Gurkan, Eran Tromer}
    series = {ZKProof Track Proceedings},
    institution= {ZKProof Standards},
    publisher = {ZKProof.org},
    address = {Berkeley, CA},
    year = {2018},
    month = {May}
}
          
@techreport{ZKProofApplicationsTrackProceeding,
    author = {Daniel Benarroch, Ran Canetti, Andrew Miller}
    series = {ZKProof Track Proceedings},
    institution= {ZKProof Standards},
    publisher = {ZKProof.org},
    address = {Berkeley, CA},
    year = {2018},
    month = {May}
}